@article{horodecki1998mixed,
  title={Mixed-state entanglement and distillation: Is there a "bound" entanglement in Nature?},
  author={Horodecki, M. and Horodecki, P. and Horodecki, R.},
  journal={Phys. Rev. Lett.},
  volume={80},
  number={20},
  pages={5239},
  year={1998},
  publisher={American Physical Society}
}

@article{hiesmayr2024bipartite,
  title={Bipartite bound entanglement},
  author={Hiesmayr, Beatrix C and Popp, Christopher and Sutter, Tobias C},
  journal={arXiv preprint arXiv:2406.13491},
  year={2024}
}